
<record>
    <recordSchema>MARC21-xml</recordSchema>
    <recordPacking>xml</recordPacking>
    <recordData>
        <record xmlns="http://www.loc.gov/MARC21/slim" type="Bibliographic">
    <leader>00000nam a2200000 c 4500</leader>
    <controlfield tag="001">102359126X</controlfield>
    <controlfield tag="003">DE-101</controlfield>
    <controlfield tag="005">20171203022357.0</controlfield>
    <controlfield tag="007">tu</controlfield>
    <controlfield tag="008">120621s2012    gw ||||| |||| 00||||ger  </controlfield>
    <datafield tag="015" ind1=" " ind2=" ">
      <subfield code="a">12,B28</subfield>
      <subfield code="2">dnb</subfield>
    </datafield>
    <datafield tag="016" ind1="7" ind2=" ">
      <subfield code="2">DE-101</subfield>
      <subfield code="a">102359126X</subfield>
    </datafield>
    <datafield tag="020" ind1=" " ind2=" ">
      <subfield code="c">geh.</subfield>
    </datafield>
    <datafield tag="035" ind1=" " ind2=" ">
      <subfield code="a">(DE-599)DNB102359126X</subfield>
    </datafield>
    <datafield tag="040" ind1=" " ind2=" ">
      <subfield code="a">1239</subfield>
      <subfield code="b">ger</subfield>
      <subfield code="c">DE-101</subfield>
      <subfield code="d">9999</subfield>
    </datafield>
    <datafield tag="041" ind1=" " ind2=" ">
      <subfield code="a">ger</subfield>
    </datafield>
    <datafield tag="044" ind1=" " ind2=" ">
      <subfield code="c">XA-DE</subfield>
    </datafield>
    <datafield tag="082" ind1="7" ind2="4">
      <subfield code="a">330</subfield>
      <subfield code="q">DE-101</subfield>
      <subfield code="2">22sdnb</subfield>
    </datafield>
    <datafield tag="090" ind1=" " ind2=" ">
      <subfield code="a">b</subfield>
    </datafield>
    <datafield tag="100" ind1="1" ind2=" ">
      <subfield code="0">(DE-588)129034614</subfield>
      <subfield code="0">http://d-nb.info/gnd/129034614</subfield>
      <subfield code="0">(DE-101)129034614</subfield>
      <subfield code="a">Bohm, Thomas</subfield>
      <subfield code="e">Verfasser</subfield>
      <subfield code="4">aut</subfield>
    </datafield>
    <datafield tag="245" ind1="0" ind2="0">
      <subfield code="a">Etablierung eines außerbörslichen Kapitalmarktes für das Langlebigkeitsrisiko</subfield>
      <subfield code="c">Thomas Bohm ; Felix Waldvogel. Universität Bayreuth</subfield>
    </datafield>
    <datafield tag="264" ind1=" " ind2="1">
      <subfield code="a">Bayreuth</subfield>
      <subfield code="b">Univ.</subfield>
      <subfield code="c">2012</subfield>
    </datafield>
    <datafield tag="300" ind1=" " ind2=" ">
      <subfield code="a">34 S.</subfield>
      <subfield code="b">graph. Darst.</subfield>
      <subfield code="c">30 cm</subfield>
    </datafield>
    <datafield tag="336" ind1=" " ind2=" ">
      <subfield code="a">Text</subfield>
      <subfield code="b">txt</subfield>
      <subfield code="2">rdacontent</subfield>
    </datafield>
    <datafield tag="337" ind1=" " ind2=" ">
      <subfield code="a">ohne Hilfsmittel zu benutzen</subfield>
      <subfield code="b">n</subfield>
      <subfield code="2">rdamedia</subfield>
    </datafield>
    <datafield tag="338" ind1=" " ind2=" ">
      <subfield code="a">Band</subfield>
      <subfield code="b">nc</subfield>
      <subfield code="2">rdacarrier</subfield>
    </datafield>
    <datafield tag="490" ind1="1" ind2=" ">
      <subfield code="a">Bayreuther Arbeitspapiere zu Finanzierung, Rechnungslegung und Steuern</subfield>
      <subfield code="v">2012,02</subfield>
    </datafield>
    <datafield tag="500" ind1=" " ind2=" ">
      <subfield code="a">Literaturangaben</subfield>
    </datafield>
    <datafield tag="650" ind1=" " ind2="7">
      <subfield code="0">(DE-588)4267244-2</subfield>
      <subfield code="0">http://d-nb.info/gnd/4267244-2</subfield>
      <subfield code="0">(DE-101)042672449</subfield>
      <subfield code="a">Sterbeziffer</subfield>
      <subfield code="2">gnd</subfield>
    </datafield>
    <datafield tag="650" ind1=" " ind2="7">
      <subfield code="0">(DE-588)4001479-4</subfield>
      <subfield code="0">http://d-nb.info/gnd/4001479-4</subfield>
      <subfield code="0">(DE-101)040014797</subfield>
      <subfield code="a">Altersversorgung</subfield>
      <subfield code="2">gnd</subfield>
    </datafield>
    <datafield tag="650" ind1=" " ind2="7">
      <subfield code="0">(DE-588)4386211-1</subfield>
      <subfield code="0">http://d-nb.info/gnd/4386211-1</subfield>
      <subfield code="0">(DE-101)945508115</subfield>
      <subfield code="a">Änderungsrisiko</subfield>
      <subfield code="2">gnd</subfield>
    </datafield>
    <datafield tag="650" ind1=" " ind2="7">
      <subfield code="0">(DE-588)4167016-4</subfield>
      <subfield code="0">http://d-nb.info/gnd/4167016-4</subfield>
      <subfield code="0">(DE-101)041670167</subfield>
      <subfield code="a">Lebenserwartung</subfield>
      <subfield code="2">gnd</subfield>
    </datafield>
    <datafield tag="650" ind1=" " ind2="7">
      <subfield code="0">(DE-588)4057312-6</subfield>
      <subfield code="0">http://d-nb.info/gnd/4057312-6</subfield>
      <subfield code="0">(DE-101)040573125</subfield>
      <subfield code="a">Sterblichkeit</subfield>
      <subfield code="2">gnd</subfield>
    </datafield>
    <datafield tag="650" ind1=" " ind2="7">
      <subfield code="0">(DE-588)4252195-6</subfield>
      <subfield code="0">http://d-nb.info/gnd/4252195-6</subfield>
      <subfield code="0">(DE-101)042521955</subfield>
      <subfield code="a">Institutioneller Anleger</subfield>
      <subfield code="2">gnd</subfield>
    </datafield>
    <datafield tag="651" ind1=" " ind2="7">
      <subfield code="0">(DE-588)4011882-4</subfield>
      <subfield code="0">http://d-nb.info/gnd/4011882-4</subfield>
      <subfield code="0">(DE-101)040118827</subfield>
      <subfield code="a">Deutschland</subfield>
      <subfield code="2">gnd</subfield>
    </datafield>
    <datafield tag="653" ind1=" " ind2=" ">
      <subfield code="a">(stw)Demographischer Übergang</subfield>
    </datafield>
    <datafield tag="653" ind1=" " ind2=" ">
      <subfield code="a">(stw)Altersvorsorge</subfield>
    </datafield>
    <datafield tag="653" ind1=" " ind2=" ">
      <subfield code="a">(stw)Risikomodell</subfield>
    </datafield>
    <datafield tag="653" ind1=" " ind2=" ">
      <subfield code="a">(stw)Sterblichkeit</subfield>
    </datafield>
    <datafield tag="653" ind1=" " ind2=" ">
      <subfield code="a">(stw)Institutioneller Investor</subfield>
    </datafield>
    <datafield tag="653" ind1=" " ind2=" ">
      <subfield code="a">(stw)Deutschland</subfield>
    </datafield>
    <datafield tag="700" ind1="1" ind2=" ">
      <subfield code="0">(DE-588)139110984</subfield>
      <subfield code="0">http://d-nb.info/gnd/139110984</subfield>
      <subfield code="0">(DE-101)139110984</subfield>
      <subfield code="a">Waldvogel, Felix</subfield>
      <subfield code="e">Verfasser</subfield>
      <subfield code="4">aut</subfield>
    </datafield>
    <datafield tag="830" ind1=" " ind2="0">
      <subfield code="a">Bayreuther Arbeitspapiere zu Finanzierung, Rechnungslegung und Steuern</subfield>
      <subfield code="v">2012,02</subfield>
      <subfield code="w">(DE-101)996292675</subfield>
      <subfield code="w">(DE-600)2512310-5</subfield>
      <subfield code="9">42012 12</subfield>
      <subfield code="7">as</subfield>
    </datafield>
    <datafield tag="850" ind1=" " ind2=" ">
      <subfield code="a">DE-101a</subfield>
      <subfield code="a">DE-101b</subfield>
    </datafield>
    <datafield tag="856" ind1="4" ind2="2">
      <subfield code="m">B:DE-101</subfield>
      <subfield code="q">application/pdf</subfield>
      <subfield code="u">http://d-nb.info/102359126X/04</subfield>
      <subfield code="3">Inhaltsverzeichnis</subfield>
    </datafield>
    <datafield tag="925" ind1="r" ind2=" ">
      <subfield code="a">rb</subfield>
    </datafield>
  </record>
  </recordData>
  <recordPosition>2</recordPosition>
  </record>