
  <record>
      <recordSchema>MARC21-xml</recordSchema>
      <recordPacking>xml</recordPacking>
      <recordData>
          <record xmlns="http://www.loc.gov/MARC21/slim" type="Bibliographic">
    <leader>00000nam a2200000 c 4500</leader>
    <controlfield tag="001">996225277</controlfield>
    <controlfield tag="003">DE-101</controlfield>
    <controlfield tag="005">20171202113343.0</controlfield>
    <controlfield tag="007">tu</controlfield>
    <controlfield tag="008">090825s2009    gw ||||| |||| 00||||ger  </controlfield>
    <datafield tag="015" ind1=" " ind2=" ">
      <subfield code="a">09,B39,0188</subfield>
      <subfield code="2">dnb</subfield>
    </datafield>
    <datafield tag="016" ind1="7" ind2=" ">
      <subfield code="2">DE-101</subfield>
      <subfield code="a">996225277</subfield>
    </datafield>
    <datafield tag="020" ind1=" " ind2=" ">
      <subfield code="c">geh.</subfield>
    </datafield>
    <datafield tag="035" ind1=" " ind2=" ">
      <subfield code="a">(DE-599)DNB996225277</subfield>
    </datafield>
    <datafield tag="035" ind1=" " ind2=" ">
      <subfield code="a">(OCoLC)437046593</subfield>
    </datafield>
    <datafield tag="040" ind1=" " ind2=" ">
      <subfield code="a">1239</subfield>
      <subfield code="b">ger</subfield>
      <subfield code="c">DE-101</subfield>
      <subfield code="d">9999</subfield>
    </datafield>
    <datafield tag="041" ind1=" " ind2=" ">
      <subfield code="a">ger</subfield>
    </datafield>
    <datafield tag="044" ind1=" " ind2=" ">
      <subfield code="c">XA-DE</subfield>
    </datafield>
    <datafield tag="082" ind1="7" ind2="4">
      <subfield code="a">330</subfield>
      <subfield code="q">DE-101</subfield>
      <subfield code="2">22sdnb</subfield>
    </datafield>
    <datafield tag="090" ind1=" " ind2=" ">
      <subfield code="a">b</subfield>
    </datafield>
    <datafield tag="100" ind1="1" ind2=" ">
      <subfield code="0">(DE-588)139110984</subfield>
      <subfield code="0">http://d-nb.info/gnd/139110984</subfield>
      <subfield code="0">(DE-101)139110984</subfield>
      <subfield code="a">Waldvogel, Felix</subfield>
      <subfield code="e">Verfasser</subfield>
      <subfield code="4">aut</subfield>
    </datafield>
    <datafield tag="245" ind1="0" ind2="0">
      <subfield code="a">Zertifizierung von Verbriefungstransaktionen durch die True Sale International (TSI)</subfield>
      <subfield code="c">Felix Waldvogel</subfield>
    </datafield>
    <datafield tag="264" ind1=" " ind2="1">
      <subfield code="a">Bayreuth</subfield>
      <subfield code="b">Univ.</subfield>
      <subfield code="c">2009</subfield>
    </datafield>
    <datafield tag="300" ind1=" " ind2=" ">
      <subfield code="a">24 S.</subfield>
      <subfield code="b">graph. Darst.</subfield>
      <subfield code="c">30 cm</subfield>
    </datafield>
    <datafield tag="336" ind1=" " ind2=" ">
      <subfield code="a">Text</subfield>
      <subfield code="b">txt</subfield>
      <subfield code="2">rdacontent</subfield>
    </datafield>
    <datafield tag="337" ind1=" " ind2=" ">
      <subfield code="a">ohne Hilfsmittel zu benutzen</subfield>
      <subfield code="b">n</subfield>
      <subfield code="2">rdamedia</subfield>
    </datafield>
    <datafield tag="338" ind1=" " ind2=" ">
      <subfield code="a">Band</subfield>
      <subfield code="b">nc</subfield>
      <subfield code="2">rdacarrier</subfield>
    </datafield>
    <datafield tag="490" ind1="1" ind2=" ">
      <subfield code="a">Bayreuther Arbeitspapiere zu Finanzierung, Rechnungslegung und Steuern</subfield>
      <subfield code="v">2009, Nr. 01</subfield>
    </datafield>
    <datafield tag="500" ind1=" " ind2=" ">
      <subfield code="a">Literatur- und URL-Verz. S. 21 - 24</subfield>
    </datafield>
    <datafield tag="650" ind1=" " ind2="7">
      <subfield code="0">(DE-588)4114309-7</subfield>
      <subfield code="0">http://d-nb.info/gnd/4114309-7</subfield>
      <subfield code="0">(DE-101)041143094</subfield>
      <subfield code="a">Kreditrisiko</subfield>
      <subfield code="2">gnd</subfield>
    </datafield>
    <datafield tag="650" ind1=" " ind2="7">
      <subfield code="0">(DE-588)4140657-6</subfield>
      <subfield code="0">http://d-nb.info/gnd/4140657-6</subfield>
      <subfield code="0">(DE-101)041406575</subfield>
      <subfield code="a">Securitization</subfield>
      <subfield code="2">gnd</subfield>
    </datafield>
    <datafield tag="653" ind1=" " ind2=" ">
      <subfield code="a">(stw)Kreditrisiko</subfield>
    </datafield>
    <datafield tag="653" ind1=" " ind2=" ">
      <subfield code="a">(stw)Verbriefung</subfield>
    </datafield>
    <datafield tag="830" ind1=" " ind2="0">
      <subfield code="a">Bayreuther Arbeitspapiere zu Finanzierung, Rechnungslegung und Steuern</subfield>
      <subfield code="v">2009, Nr. 01</subfield>
      <subfield code="w">(DE-101)996292675</subfield>
      <subfield code="w">(DE-600)2512310-5</subfield>
      <subfield code="9">42009 11</subfield>
      <subfield code="7">as</subfield>
    </datafield>
    <datafield tag="850" ind1=" " ind2=" ">
      <subfield code="a">DE-101a</subfield>
      <subfield code="a">DE-101b</subfield>
    </datafield>
    <datafield tag="925" ind1="r" ind2=" ">
      <subfield code="a">rb</subfield>
    </datafield>
  </record></recordData>
  <recordPosition>3</recordPosition>
  </record>
</records>
<nextRecordPosition>4</nextRecordPosition>
<echoedSearchRetrieveRequest>
    <version>1.1</version>
    <query>PER="Waldvogel,Felix"</query>
    <xQuery xmlns:xsi="http://www.w3.org/2001/XMLSchema-instance" xsi:nil="true"/>
    <recordSchema>MARC21-xml</recordSchema>
</echoedSearchRetrieveRequest>
<extraResponseData>
    <accountOf xmlns="">BCSS Software &amp; Beratung SRU</accountOf>
</extraResponseData>
</searchRetrieveResponse>